@inproceedings{DBLP:conf/africacrypt/NaehrigBS08,
  author    = {Michael Naehrig and
               Paulo S. L. M. Barreto and
               Peter Schwabe},
  title     = "{On Compressible Pairings and Their Computation}",
  booktitle = {Progress in Cryptology - {AFRICACRYPT} 2008, First International Conference
               on Cryptology in Africa, Casablanca, Morocco, June 11-14, 2008. Proceedings},
  pages     = {371--388},
  year      = {2008},
  crossref  = {DBLP:conf/africacrypt/2008},
  url       = {http://dx.doi.org/10.1007/978-3-540-68164-9_25},
  doi       = {10.1007/978-3-540-68164-9_25},
  timestamp = {Mon, 09 Jun 2008 14:15:37 +0200},
  biburl    = {http://dblp.uni-trier.de/rec/bib/conf/africacrypt/NaehrigBS08},
  bibsource = {dblp computer science bibliography, http://dblp.org}
}

@proceedings{DBLP:conf/africacrypt/2008,
  editor    = {Serge Vaudenay},
  title     = {Progress in Cryptology - {AFRICACRYPT} 2008, First International Conference
               on Cryptology in Africa, Casablanca, Morocco, June 11-14, 2008. Proceedings},
  series    = {Lecture Notes in Computer Science},
  volume    = {5023},
  publisher = {Springer},
  year      = {2008},
  isbn      = {978-3-540-68159-5},
  timestamp = {Mon, 09 Jun 2008 14:14:56 +0200},
  biburl    = {http://dblp.uni-trier.de/rec/bib/conf/africacrypt/2008},
  bibsource = {dblp computer science bibliography, http://dblp.org}
}

@inproceedings{DBLP:conf/crypto/BarretoKLS02,
  author    = {Paulo S. L. M. Barreto and
               Hae Yong Kim and
               Ben Lynn and
               Michael Scott},
  title     = "{Efficient Algorithms for Pairing-Based Cryptosystems}",
  booktitle = {Advances in Cryptology - {CRYPTO} 2002, 22nd Annual International
               Cryptology Conference, Santa Barbara, California, USA, August 18-22,
               2002, Proceedings},
  pages     = {354--368},
  year      = {2002},
  crossref  = {DBLP:conf/crypto/2002},
  url       = {http://dx.doi.org/10.1007/3-540-45708-9_23},
  doi       = {10.1007/3-540-45708-9_23},
  timestamp = {Fri, 18 Sep 2009 12:40:55 +0200},
  biburl    = {http://dblp.uni-trier.de/rec/bib/conf/crypto/BarretoKLS02},
  bibsource = {dblp computer science bibliography, http://dblp.org}
}

@proceedings{DBLP:conf/crypto/2002,
  editor    = {Moti Yung},
  title     = {Advances in Cryptology - {CRYPTO} 2002, 22nd Annual International
               Cryptology Conference, Santa Barbara, California, USA, August 18-22,
               2002, Proceedings},
  series    = {Lecture Notes in Computer Science},
  volume    = {2442},
  publisher = {Springer},
  year      = {2002},
  isbn      = {3-540-44050-X},
  timestamp = {Tue, 22 Oct 2002 14:17:53 +0200},
  biburl    = {http://dblp.uni-trier.de/rec/bib/conf/crypto/2002},
  bibsource = {dblp computer science bibliography, http://dblp.org}
}

@inproceedings{DBLP:conf/crypto/ScottB04,
  author    = {Michael Scott and
               Paulo S. L. M. Barreto},
  title     = {Compressed Pairings},
  booktitle = {Advances in Cryptology - {CRYPTO} 2004, 24th Annual International
               CryptologyConference, Santa Barbara, California, USA, August 15-19,
               2004, Proceedings},
  pages     = {140--156},
  year      = {2004},
  crossref  = {DBLP:conf/crypto/2004},
  url       = {http://dx.doi.org/10.1007/978-3-540-28628-8_9},
  doi       = {10.1007/978-3-540-28628-8_9},
  timestamp = {Thu, 07 Jul 2011 15:50:00 +0200},
  biburl    = {http://dblp.uni-trier.de/rec/bib/conf/crypto/ScottB04},
  bibsource = {dblp computer science bibliography, http://dblp.org}
}

@proceedings{DBLP:conf/crypto/2004,
  editor    = {Matthew K. Franklin},
  title     = {Advances in Cryptology - {CRYPTO} 2004, 24th Annual International
               CryptologyConference, Santa Barbara, California, USA, August 15-19,
               2004, Proceedings},
  series    = {Lecture Notes in Computer Science},
  volume    = {3152},
  publisher = {Springer},
  year      = {2004},
  isbn      = {3-540-22668-0},
  timestamp = {Tue, 11 Jan 2005 10:56:16 +0100},
  biburl    = {http://dblp.uni-trier.de/rec/bib/conf/crypto/2004},
  bibsource = {dblp computer science bibliography, http://dblp.org}
}

@article{DBLP:journals/joc/Miller04,
  author    = {Victor S. Miller},
  title     = "{The Weil Pairing, and Its Efficient Calculation}",
  journal   = {J. Cryptology},
  volume    = {17},
  number    = {4},
  pages     = {235--261},
  year      = {2004},
  url       = {http://dx.doi.org/10.1007/s00145-004-0315-8},
  doi       = {10.1007/s00145-004-0315-8},
  timestamp = {Mon, 11 Oct 2004 15:42:04 +0200},
  biburl    = {http://dblp.uni-trier.de/rec/bib/journals/joc/Miller04},
  bibsource = {dblp computer science bibliography, http://dblp.org}
}

@article{DBLP:journals/tit/GalbraithHV08,
  author    = {Steven D. Galbraith and
               Florian Hess and
               Frederik Vercauteren},
  title     = {Aspects of Pairing Inversion},
  journal   = {{IEEE} Transactions on Information Theory},
  volume    = {54},
  number    = {12},
  pages     = {5719--5728},
  year      = {2008},
  url       = {http://dx.doi.org/10.1109/TIT.2008.2006431},
  doi       = {10.1109/TIT.2008.2006431},
  timestamp = {Tue, 20 Jan 2009 12:37:47 +0100},
  biburl    = {http://dblp.uni-trier.de/rec/bib/journals/tit/GalbraithHV08},
  bibsource = {dblp computer science bibliography, http://dblp.org}
}

@techreport{Mil86,
	author = {Victor Miller}, 
	title = "{Short programs for functions on curves}", 
	year = 1986
}

@incollection{DBLP:series/isc/MrabetPV12,
  author    = {Nadia El Mrabet and
               Dan Page and
               Frederik Vercauteren},
  title     = "{Fault Attacks on Pairing-Based Cryptography}",
  booktitle = {Fault Analysis in Cryptography},
  pages     = {221--236},
  year      = {2012},
  crossref  = {DBLP:series/isc/364229655},
  url       = {http://dx.doi.org/10.1007/978-3-642-29656-7_13},
  doi       = {10.1007/978-3-642-29656-7_13},
  timestamp = {Thu, 05 Sep 2013 10:07:28 +0200},
  biburl    = {http://dblp.uni-trier.de/rec/bib/series/isc/MrabetPV12},
  bibsource = {dblp computer science bibliography, http://dblp.org}
}

@book{DBLP:series/isc/364229655,
  editor    = {Marc Joye and
               Michael Tunstall},
  title     = {Fault Analysis in Cryptography},
  series    = {Information Security and Cryptography},
  publisher = {Springer},
  year      = {2012},
  url       = {http://dx.doi.org/10.1007/978-3-642-29656-7},
  doi       = {10.1007/978-3-642-29656-7},
  isbn      = {978-3-642-29655-0},
  timestamp = {Thu, 05 Sep 2013 09:58:21 +0200},
  biburl    = {http://dblp.uni-trier.de/rec/bib/series/isc/364229655},
  bibsource = {dblp computer science bibliography, http://dblp.org}
}

@inproceedings{DBLP:conf/sersc-isa/Mrabet09,
  author    = {Nadia El Mrabet},
  title     = "{What about Vulnerability to a Fault Attack of the Miller's Algorithm
               During an Identity Based Protocol?}",
  booktitle = {Advances in Information Security and Assurance, Third International
               Conference and Workshops, {ISA} 2009, Seoul, Korea, June 25-27, 2009.
               Proceedings},
  pages     = {122--134},
  year      = {2009},
  crossref  = {DBLP:conf/sersc-isa/2009},
  url       = {http://dx.doi.org/10.1007/978-3-642-02617-1_13},
  doi       = {10.1007/978-3-642-02617-1_13},
  timestamp = {Thu, 25 Jun 2009 13:51:29 +0200},
  biburl    = {http://dblp.uni-trier.de/rec/bib/conf/sersc-isa/Mrabet09},
  bibsource = {dblp computer science bibliography, http://dblp.org}
}

@proceedings{DBLP:conf/sersc-isa/2009,
  editor    = {Jong Hyuk Park and
               Hsiao{-}Hwa Chen and
               Mohammed Atiquzzaman and
               Changhoon Lee and
               Tai{-}Hoon Kim and
               Sang{-}Soo Yeo},
  title     = {Advances in Information Security and Assurance, Third International
               Conference and Workshops, {ISA} 2009, Seoul, Korea, June 25-27, 2009.
               Proceedings},
  series    = {Lecture Notes in Computer Science},
  volume    = {5576},
  publisher = {Springer},
  year      = {2009},
  url       = {http://dx.doi.org/10.1007/978-3-642-02617-1},
  doi       = {10.1007/978-3-642-02617-1},
  isbn      = {978-3-642-02616-4},
  timestamp = {Thu, 25 Jun 2009 13:51:14 +0200},
  biburl    = {http://dblp.uni-trier.de/rec/bib/conf/sersc-isa/2009},
  bibsource = {dblp computer science bibliography, http://dblp.org}
}

@inproceedings{DBLP:conf/asiacrypt/DuursmaL03,
  author    = {Iwan M. Duursma and
               Hyang{-}Sook Lee},
  title     = "{Tate Pairing Implementation for Hyperelliptic Curves $y^2 = x^p-x + d$}",
  booktitle = {Advances in Cryptology - {ASIACRYPT} 2003, 9th International Conference
               on the Theory and Application of Cryptology and Information Security,
               Taipei, Taiwan, November 30 - December 4, 2003, Proceedings},
  pages     = {111--123},
  year      = {2003},
  crossref  = {DBLP:conf/asiacrypt/2003},
  url       = {http://dx.doi.org/10.1007/978-3-540-40061-5_7},
  doi       = {10.1007/978-3-540-40061-5_7},
  timestamp = {Wed, 06 Jul 2011 21:19:48 +0200},
  biburl    = {http://dblp.uni-trier.de/rec/bib/conf/asiacrypt/DuursmaL03},
  bibsource = {dblp computer science bibliography, http://dblp.org}
}

@proceedings{DBLP:conf/asiacrypt/2003,
  editor    = {Chi{-}Sung Laih},
  title     = {Advances in Cryptology - {ASIACRYPT} 2003, 9th International Conference
               on the Theory and Application of Cryptology and Information Security,
               Taipei, Taiwan, November 30 - December 4, 2003, Proceedings},
  series    = {Lecture Notes in Computer Science},
  volume    = {2894},
  publisher = {Springer},
  year      = {2003},
  isbn      = {3-540-20592-6},
  timestamp = {Wed, 07 Jan 2004 08:25:52 +0100},
  biburl    = {http://dblp.uni-trier.de/rec/bib/conf/asiacrypt/2003},
  bibsource = {dblp computer science bibliography, http://dblp.org}
}

@article{DBLP:journals/dcc/BarretoGOS07,
  author    = {Paulo S. L. M. Barreto and
               Steven D. Galbraith and
               Colm O'Eigeartaigh and
               Michael Scott},
  title     = "{Efficient pairing computation on supersingular Abelian varieties}",
  journal   = {Des. Codes Cryptography},
  volume    = {42},
  number    = {3},
  pages     = {239--271},
  year      = {2007},
  url       = {http://dx.doi.org/10.1007/s10623-006-9033-6},
  doi       = {10.1007/s10623-006-9033-6},
  timestamp = {Fri, 14 Sep 2007 13:45:36 +0200},
  biburl    = {http://dblp.uni-trier.de/rec/bib/journals/dcc/BarretoGOS07},
  bibsource = {dblp computer science bibliography, http://dblp.org}
}

@inproceedings{DBLP:conf/icisc/ChatterjeeSB04,
  author    = {Sanjit Chatterjee and
               Palash Sarkar and
               Rana Barua},
  title     = "{Efficient Computation of Tate Pairing in Projective Coordinate over
               General Characteristic Fields}",
  booktitle = {Information Security and Cryptology - {ICISC} 2004, 7th International
               Conference, Seoul, Korea, December 2-3, 2004, Revised Selected Papers},
  pages     = {168--181},
  year      = {2004},
  crossref  = {DBLP:conf/icisc/2004},
  url       = {http://dx.doi.org/10.1007/11496618_13},
  doi       = {10.1007/11496618_13},
  timestamp = {Mon, 30 May 2005 09:58:52 +0200},
  biburl    = {http://dblp.uni-trier.de/rec/bib/conf/icisc/ChatterjeeSB04},
  bibsource = {dblp computer science bibliography, http://dblp.org}
}

@proceedings{DBLP:conf/icisc/2004,
  editor    = {Choonsik Park and
               Seongtaek Chee},
  title     = {Information Security and Cryptology - {ICISC} 2004, 7th International
               Conference, Seoul, Korea, December 2-3, 2004, Revised Selected Papers},
  series    = {Lecture Notes in Computer Science},
  volume    = {3506},
  publisher = {Springer},
  year      = {2005},
  isbn      = {3-540-26226-1},
  timestamp = {Mon, 30 May 2005 09:58:52 +0200},
  biburl    = {http://dblp.uni-trier.de/rec/bib/conf/icisc/2004},
  bibsource = {dblp computer science bibliography, http://dblp.org}
}

@inproceedings{DBLP:conf/ants/GalbraithHS02,
  author    = {Steven D. Galbraith and
               Keith Harrison and
               David Soldera},
  title     = "{Implementing the Tate Pairing}",
  booktitle = {Algorithmic Number Theory, 5th International Symposium, ANTS-V, Sydney,
               Australia, July 7-12, 2002, Proceedings},
  pages     = {324--337},
  year      = {2002},
  crossref  = {DBLP:conf/ants/2002},
  url       = {http://dx.doi.org/10.1007/3-540-45455-1_26},
  doi       = {10.1007/3-540-45455-1_26},
  timestamp = {Thu, 30 Jun 2011 15:57:07 +0200},
  biburl    = {http://dblp.uni-trier.de/rec/bib/conf/ants/GalbraithHS02},
  bibsource = {dblp computer science bibliography, http://dblp.org}
}

@proceedings{DBLP:conf/ants/2002,
  editor    = {Claus Fieker and
               David R. Kohel},
  title     = {Algorithmic Number Theory, 5th International Symposium, ANTS-V, Sydney,
               Australia, July 7-12, 2002, Proceedings},
  series    = {Lecture Notes in Computer Science},
  volume    = {2369},
  publisher = {Springer},
  year      = {2002},
  isbn      = {3-540-43863-7},
  timestamp = {Tue, 02 Jul 2002 10:27:27 +0200},
  biburl    = {http://dblp.uni-trier.de/rec/bib/conf/ants/2002},
  bibsource = {dblp computer science bibliography, http://dblp.org}
}

@article{DBLP:journals/tit/HessSV06,
  author    = {Florian Hess and
               Nigel P. Smart and
               Frederik Vercauteren},
  title     = "{The Eta Pairing Revisited}",
  journal   = {{IEEE} Transactions on Information Theory},
  volume    = {52},
  number    = {10},
  pages     = {4595--4602},
  year      = {2006},
  url       = {http://dx.doi.org/10.1109/TIT.2006.881709},
  doi       = {10.1109/TIT.2006.881709},
  timestamp = {Mon, 31 Oct 2011 17:05:10 +0100},
  biburl    = {http://dblp.uni-trier.de/rec/bib/journals/tit/HessSV06},
  bibsource = {dblp computer science bibliography, http://dblp.org}
}

@article{DBLP:journals/tit/Vercauteren10,
  author    = {Frederik Vercauteren},
  title     = "{Optimal pairings}",
  journal   = {{IEEE} Transactions on Information Theory},
  volume    = {56},
  number    = {1},
  pages     = {455--461},
  year      = {2010},
  url       = {http://dx.doi.org/10.1109/TIT.2009.2034881},
  doi       = {10.1109/TIT.2009.2034881},
  timestamp = {Fri, 17 Dec 2010 21:53:47 +0100},
  biburl    = {http://dblp.uni-trier.de/rec/bib/journals/tit/Vercauteren10},
  bibsource = {dblp computer science bibliography, http://dblp.org}
}

@inproceedings{DBLP:conf/sacrypt/BarretoN05,
  author    = {Paulo S. L. M. Barreto and
               Michael Naehrig},
  title     = "{Pairing-Friendly Elliptic Curves of Prime Order}",
  booktitle = {Selected Areas in Cryptography, 12th International Workshop, {SAC}
               2005, Kingston, ON, Canada, August 11-12, 2005, Revised Selected Papers},
  pages     = {319--331},
  year      = {2005},
  crossref  = {DBLP:conf/sacrypt/2005},
  url       = {http://dx.doi.org/10.1007/11693383_22},
  doi       = {10.1007/11693383_22},
  timestamp = {Fri, 03 Mar 2006 07:48:00 +0100},
  biburl    = {http://dblp.uni-trier.de/rec/bib/conf/sacrypt/BarretoN05},
  bibsource = {dblp computer science bibliography, http://dblp.org}
}

@proceedings{DBLP:conf/sacrypt/2005,
  editor    = {Bart Preneel and
               Stafford E. Tavares},
  title     = {Selected Areas in Cryptography, 12th International Workshop, {SAC}
               2005, Kingston, ON, Canada, August 11-12, 2005, Revised Selected Papers},
  series    = {Lecture Notes in Computer Science},
  volume    = {3897},
  publisher = {Springer},
  year      = {2006},
  isbn      = {3-540-33108-5},
  timestamp = {Fri, 03 Mar 2006 07:48:00 +0100},
  biburl    = {http://dblp.uni-trier.de/rec/bib/conf/sacrypt/2005},
  bibsource = {dblp computer science bibliography, http://dblp.org}
}

@inproceedings{DBLP:conf/crypto/BonehF01,
  author    = {Dan Boneh and
               Matthew K. Franklin},
  title     = "{Identity-Based Encryption from the Weil Pairing}",
  booktitle = {Advances in Cryptology - {CRYPTO} 2001, 21st Annual International
               Cryptology Conference, Santa Barbara, California, USA, August 19-23,
               2001, Proceedings},
  pages     = {213--229},
  year      = {2001},
  crossref  = {DBLP:conf/crypto/2001},
  url       = {http://dx.doi.org/10.1007/3-540-44647-8_13},
  doi       = {10.1007/3-540-44647-8_13},
  timestamp = {Fri, 18 Sep 2009 12:32:13 +0200},
  biburl    = {http://dblp.uni-trier.de/rec/bib/conf/crypto/BonehF01},
  bibsource = {dblp computer science bibliography, http://dblp.org}
}

@proceedings{DBLP:conf/crypto/2001,
  editor    = {Joe Kilian},
  title     = {Advances in Cryptology - {CRYPTO} 2001, 21st Annual International
               Cryptology Conference, Santa Barbara, California, USA, August 19-23,
               2001, Proceedings},
  series    = {Lecture Notes in Computer Science},
  volume    = {2139},
  publisher = {Springer},
  year      = {2001},
  isbn      = {3-540-42456-3},
  timestamp = {Thu, 04 Jul 2002 10:11:11 +0200},
  biburl    = {http://dblp.uni-trier.de/rec/bib/conf/crypto/2001},
  bibsource = {dblp computer science bibliography, http://dblp.org}
}

@article{DBLP:journals/tc/PageV06,
  author    = {Dan Page and
               Frederik Vercauteren},
  title     = "{A Fault Attack on Pairing-Based Cryptography}",
  journal   = {{IEEE} Trans. Computers},
  volume    = {55},
  number    = {9},
  pages     = {1075--1080},
  year      = {2006},
  url       = {http://doi.ieeecomputersociety.org/10.1109/TC.2006.134},
  doi       = {10.1109/TC.2006.134},
  timestamp = {Fri, 10 Nov 2006 12:47:28 +0100},
  biburl    = {http://dblp.uni-trier.de/rec/bib/journals/tc/PageV06},
  bibsource = {dblp computer science bibliography, http://dblp.org}
}

@article{DBLP:journals/tit/MenezesOV93,
  author    = {Alfred Menezes and
               Tatsuaki Okamoto and
               Scott A. Vanstone},
  title     = "{Reducing elliptic curve logarithms to logarithms in a finite field}",
  journal   = {{IEEE} Transactions on Information Theory},
  volume    = {39},
  number    = {5},
  pages     = {1639--1646},
  year      = {1993},
  url       = {http://dx.doi.org/10.1109/18.259647},
  doi       = {10.1109/18.259647},
  timestamp = {Mon, 31 Oct 2011 17:05:16 +0100},
  biburl    = {http://dblp.uni-trier.de/rec/bib/journals/tit/MenezesOV93},
  bibsource = {dblp computer science bibliography, http://dblp.org}
}

@article{DBLP:journals/joc/Joux04,
  author    = {Antoine Joux},
  title     = "{A One Round Protocol for Tripartite Diffie-Hellman}",
  journal   = {J. Cryptology},
  volume    = {17},
  number    = {4},
  pages     = {263--276},
  year      = {2004},
  url       = {http://dx.doi.org/10.1007/s00145-004-0312-y},
  doi       = {10.1007/s00145-004-0312-y},
  timestamp = {Mon, 11 Oct 2004 15:42:04 +0200},
  biburl    = {http://dblp.uni-trier.de/rec/bib/journals/joc/Joux04},
  bibsource = {dblp computer science bibliography, http://dblp.org}
}

@article{granger2006small,
  author  = {Robert Granger and Dan Page and Martijn Stam},
  title="{On Small Characteristic Algebraic Tori in Pairing-Based Cryptography}",
  journal={LMS Journal of Computation and Mathematics},
  volume={9},
  pages={64--85},
  year={2006},
  publisher={Cambridge University Press}
}

@inproceedings{DBLP:conf/ches/LashermesFG13,
  author    = {Ronan Lashermes and
               Jacques J. A. Fournier and
               Louis Goubin},
  title     = "{Inverting the Final Exponentiation of Tate Pairings on Ordinary Elliptic
               Curves Using Faults}",
  booktitle = {Cryptographic Hardware and Embedded Systems - {CHES} 2013 - 15th International
               Workshop, Santa Barbara, CA, USA, August 20-23, 2013. Proceedings},
  pages     = {365--382},
  year      = {2013},
  crossref  = {DBLP:conf/ches/2013},
  url       = {http://dx.doi.org/10.1007/978-3-642-40349-1_21},
  doi       = {10.1007/978-3-642-40349-1_21},
  timestamp = {Thu, 24 Jul 2014 07:47:31 +0200},
  biburl    = {http://dblp.uni-trier.de/rec/bib/conf/ches/LashermesFG13},
  bibsource = {dblp computer science bibliography, http://dblp.org}
}

@proceedings{DBLP:conf/ches/2013,
  editor    = {Guido Bertoni and
               Jean{-}S{\'{e}}bastien Coron},
  title     = {Cryptographic Hardware and Embedded Systems - {CHES} 2013 - 15th International
               Workshop, Santa Barbara, CA, USA, August 20-23, 2013. Proceedings},
  series    = {Lecture Notes in Computer Science},
  volume    = {8086},
  publisher = {Springer},
  year      = {2013},
  url       = {http://dx.doi.org/10.1007/978-3-642-40349-1},
  doi       = {10.1007/978-3-642-40349-1},
  isbn      = {978-3-642-40348-4},
  timestamp = {Wed, 24 Jul 2013 20:02:06 +0200},
  biburl    = {http://dblp.uni-trier.de/rec/bib/conf/ches/2013},
  bibsource = {dblp computer science bibliography, http://dblp.org}
}

@article{DBLP:journals/joc/BonehB08,
  author    = {Dan Boneh and
               Xavier Boyen},
  title     = "{Short Signatures Without Random Oracles and the {SDH} Assumption in
               Bilinear Groups}",
  journal   = {J. Cryptology},
  volume    = {21},
  number    = {2},
  pages     = {149--177},
  year      = {2008},
  url       = {http://dx.doi.org/10.1007/s00145-007-9005-7},
  doi       = {10.1007/s00145-007-9005-7},
  timestamp = {Wed, 12 Mar 2008 14:31:07 +0100},
  biburl    = {http://dblp.uni-trier.de/rec/bib/journals/joc/BonehB08},
  bibsource = {dblp computer science bibliography, http://dblp.org}
}

@inproceedings{DBLP:conf/eurocrypt/BonehCOP04,
  author    = {Dan Boneh and
               Giovanni Di Crescenzo and
               Rafail Ostrovsky and
               Giuseppe Persiano},
  title     = "{Public Key Encryption with Keyword Search}",
  booktitle = {Advances in Cryptology - {EUROCRYPT} 2004, International Conference
               on the Theory and Applications of Cryptographic Techniques, Interlaken,
               Switzerland, May 2-6, 2004, Proceedings},
  pages     = {506--522},
  year      = {2004},
  crossref  = {DBLP:conf/eurocrypt/2004},
  url       = {http://dx.doi.org/10.1007/978-3-540-24676-3_30},
  doi       = {10.1007/978-3-540-24676-3_30},
  timestamp = {Wed, 06 Jul 2011 21:23:14 +0200},
  biburl    = {http://dblp.uni-trier.de/rec/bib/conf/eurocrypt/BonehCOP04},
  bibsource = {dblp computer science bibliography, http://dblp.org}
}

@proceedings{DBLP:conf/eurocrypt/2004,
  editor    = {Christian Cachin and
               Jan Camenisch},
  title     = {Advances in Cryptology - {EUROCRYPT} 2004, International Conference
               on the Theory and Applications of Cryptographic Techniques, Interlaken,
               Switzerland, May 2-6, 2004, Proceedings},
  series    = {Lecture Notes in Computer Science},
  volume    = {3027},
  publisher = {Springer},
  year      = {2004},
  isbn      = {3-540-21935-8},
  timestamp = {Tue, 20 Apr 2004 12:21:50 +0200},
  biburl    = {http://dblp.uni-trier.de/rec/bib/conf/eurocrypt/2004},
  bibsource = {dblp computer science bibliography, http://dblp.org}
}

@inproceedings{DBLP:conf/ccs/BonehN08,
  author    = {Dan Boneh and
               Moni Naor},
  title     = "{Traitor tracing with constant size ciphertext}",
  booktitle = {Proceedings of the 2008 {ACM} Conference on Computer and Communications
               Security, {CCS} 2008, Alexandria, Virginia, USA, October 27-31, 2008},
  pages     = {501--510},
  year      = {2008},
  crossref  = {DBLP:conf/ccs/2008},
  url       = {http://doi.acm.org/10.1145/1455770.1455834},
  doi       = {10.1145/1455770.1455834},
  timestamp = {Tue, 11 Nov 2008 10:40:33 +0100},
  biburl    = {http://dblp.uni-trier.de/rec/bib/conf/ccs/BonehN08},
  bibsource = {dblp computer science bibliography, http://dblp.org}
}

@proceedings{DBLP:conf/ccs/2008,
  editor    = {Peng Ning and
               Paul F. Syverson and
               Somesh Jha},
  title     = {Proceedings of the 2008 {ACM} Conference on Computer and Communications
               Security, {CCS} 2008, Alexandria, Virginia, USA, October 27-31, 2008},
  publisher = {{ACM}},
  year      = {2008},
  isbn      = {978-1-59593-810-7},
  timestamp = {Tue, 11 Nov 2008 10:39:24 +0100},
  biburl    = {http://dblp.uni-trier.de/rec/bib/conf/ccs/2008},
  bibsource = {dblp computer science bibliography, http://dblp.org}
}

@inproceedings{DBLP:conf/pairing/DevegiliSD07,
  author    = {Augusto Jun Devegili and
               Michael Scott and
               Ricardo Dahab},
  title     = "{Implementing Cryptographic Pairings over Barreto-Naehrig Curves}",
  booktitle = {Pairing-Based Cryptography - Pairing 2007, First International Conference,
               Tokyo, Japan, July 2-4, 2007, Proceedings},
  pages     = {197--207},
  year      = {2007},
  crossref  = {DBLP:conf/pairing/2007},
  url       = {http://dx.doi.org/10.1007/978-3-540-73489-5_10},
  doi       = {10.1007/978-3-540-73489-5_10},
  timestamp = {Mon, 17 Sep 2007 13:15:03 +0200},
  biburl    = {http://dblp.uni-trier.de/rec/bib/conf/pairing/DevegiliSD07},
  bibsource = {dblp computer science bibliography, http://dblp.org}
}

@proceedings{DBLP:conf/pairing/2007,
  editor    = {Tsuyoshi Takagi and
               Tatsuaki Okamoto and
               Eiji Okamoto and
               Takeshi Okamoto},
  title     = {Pairing-Based Cryptography - Pairing 2007, First International Conference,
               Tokyo, Japan, July 2-4, 2007, Proceedings},
  series    = {Lecture Notes in Computer Science},
  volume    = {4575},
  publisher = {Springer},
  year      = {2007},
  isbn      = {978-3-540-73488-8},
  timestamp = {Mon, 17 Sep 2007 13:15:03 +0200},
  biburl    = {http://dblp.uni-trier.de/rec/bib/conf/pairing/2007},
  bibsource = {dblp computer science bibliography, http://dblp.org}
}

@inproceedings{DBLP:conf/pairing/ScottBCPK09,
  author    = {Michael Scott and
               Naomi Benger and
               Manuel Charlemagne and
               Luis J. Dominguez Perez and
               Ezekiel J. Kachisa},
  title     = "{On the Final Exponentiation for Calculating Pairings on Ordinary Elliptic
               Curves}",
  booktitle = {Pairing-Based Cryptography - Pairing 2009, Third International Conference,
               Palo Alto, CA, USA, August 12-14, 2009, Proceedings},
  pages     = {78--88},
  year      = {2009},
  crossref  = {DBLP:conf/pairing/2009},
  url       = {http://dx.doi.org/10.1007/978-3-642-03298-1_6},
  doi       = {10.1007/978-3-642-03298-1_6},
  timestamp = {Thu, 20 Aug 2009 13:49:37 +0200},
  biburl    = {http://dblp.uni-trier.de/rec/bib/conf/pairing/ScottBCPK09},
  bibsource = {dblp computer science bibliography, http://dblp.org}
}

@proceedings{DBLP:conf/pairing/2009,
  editor    = {Hovav Shacham and
               Brent Waters},
  title     = {Pairing-Based Cryptography - Pairing 2009, Third International Conference,
               Palo Alto, CA, USA, August 12-14, 2009, Proceedings},
  series    = {Lecture Notes in Computer Science},
  volume    = {5671},
  publisher = {Springer},
  year      = {2009},
  url       = {http://dx.doi.org/10.1007/978-3-642-03298-1},
  doi       = {10.1007/978-3-642-03298-1},
  isbn      = {978-3-642-03297-4},
  timestamp = {Thu, 20 Aug 2009 13:49:13 +0200},
  biburl    = {http://dblp.uni-trier.de/rec/bib/conf/pairing/2009},
  bibsource = {dblp computer science bibliography, http://dblp.org}
}

@inproceedings{DBLP:conf/pairing/WhelanS07,
  author    = {Claire Whelan and
               Michael Scott},
  title     = {The Importance of the Final Exponentiation in Pairings When Considering
               Fault Attacks},
  booktitle = {Pairing-Based Cryptography - Pairing 2007, First International Conference,
               Tokyo, Japan, July 2-4, 2007, Proceedings},
  pages     = {225--246},
  year      = {2007},
  crossref  = {DBLP:conf/pairing/2007},
  url       = {http://dx.doi.org/10.1007/978-3-540-73489-5_12},
  doi       = {10.1007/978-3-540-73489-5_12},
  timestamp = {Mon, 17 Sep 2007 13:15:03 +0200},
  biburl    = {http://dblp.uni-trier.de/rec/bib/conf/pairing/WhelanS07},
  bibsource = {dblp computer science bibliography, http://dblp.org}
}

@article{DBLP:journals/ccds/MrabetFGL15,
  author    = {Nadia El Mrabet and
               Jacques J. A. Fournier and
               Louis Goubin and
               Ronan Lashermes},
  title     = {A survey of fault attacks in pairing based cryptography},
  journal   = {Cryptography and Communications},
  volume    = {7},
  number    = {1},
  pages     = {185--205},
  year      = {2015},
  url       = {http://dx.doi.org/10.1007/s12095-014-0114-5},
  doi       = {10.1007/s12095-014-0114-5},
  timestamp = {Sat, 17 Jan 2015 17:24:28 +0100},
  biburl    = {http://dblp.uni-trier.de/rec/bib/journals/ccds/MrabetFGL15},
  bibsource = {dblp computer science bibliography, http://dblp.org}
}

@inproceedings{DBLP:conf/fdtc/LashermesPMFG14,
  author    = {Ronan Lashermes and
               Marie Paindavoine and
               Nadia El Mrabet and
               Jacques J. A. Fournier and
               Louis Goubin},
  title     = "{Practical Validation of Several Fault Attacks against the Miller Algorithm}",
  booktitle = {2014 Workshop on Fault Diagnosis and Tolerance in Cryptography, {FDTC}
               2014, Busan, South Korea, September 23, 2014},
  pages     = {115--122},
  year      = {2014},
  crossref  = {DBLP:conf/fdtc/2014},
  url       = {http://dx.doi.org/10.1109/FDTC.2014.21},
  doi       = {10.1109/FDTC.2014.21},
  timestamp = {Sat, 10 Jan 2015 18:36:46 +0100},
  biburl    = {http://dblp.uni-trier.de/rec/bib/conf/fdtc/LashermesPMFG14},
  bibsource = {dblp computer science bibliography, http://dblp.org}
}


@inproceedings{DBLP:conf/fdtc/BlomerSGKS14,
  author    = {Johannes Bl{\"{o}}mer and
               Ricardo Gomes da Silva and
               Peter G{\"{u}}nther and
               Juliane Kr{\"{a}}mer and
               Jean{-}Pierre Seifert},
  title     = {A Practical Second-Order Fault Attack against a Real-World Pairing
               Implementation},
  booktitle = {2014 Workshop on Fault Diagnosis and Tolerance in Cryptography, {FDTC}
               2014, Busan, South Korea, September 23, 2014},
  pages     = {123--136},
  year      = {2014},
  crossref  = {DBLP:conf/fdtc/2014},
  url       = {http://dx.doi.org/10.1109/FDTC.2014.22},
  doi       = {10.1109/FDTC.2014.22},
  timestamp = {Wed, 13 May 2015 17:45:37 +0200},
  biburl    = {http://dblp.uni-trier.de/rec/bib/conf/fdtc/BlomerSGKS14},
  bibsource = {dblp computer science bibliography, http://dblp.org}
}

@proceedings{DBLP:conf/fdtc/2014,
  editor    = {Assia Tria and
               Dooho Choi},
  title     = {2014 Workshop on Fault Diagnosis and Tolerance in Cryptography, {FDTC}
               2014, Busan, South Korea, September 23, 2014},
  publisher = {{IEEE} Computer Society},
  year      = {2014},
  url       = {http://ieeexplore.ieee.org/xpl/mostRecentIssue.jsp?punumber=6975317},
  isbn      = {978-1-4799-6292-1},
  timestamp = {Tue, 12 May 2015 17:11:47 +0200},
  biburl    = {http://dblp.uni-trier.de/rec/bib/conf/fdtc/2014},
  bibsource = {dblp computer science bibliography, http://dblp.org}
}



@article{DBLP:journals/joc/BonehLS04,
  author    = {Dan Boneh and
               Ben Lynn and
               Hovav Shacham},
  title     = {Short Signatures from the Weil Pairing},
  journal   = {J. Cryptology},
  volume    = {17},
  number    = {4},
  pages     = {297--319},
  year      = {2004},
  url       = {http://dx.doi.org/10.1007/s00145-004-0314-9},
  doi       = {10.1007/s00145-004-0314-9},
  timestamp = {Mon, 11 Oct 2004 15:42:04 +0200},
  biburl    = {http://dblp.uni-trier.de/rec/bib/journals/joc/BonehLS04},
  bibsource = {dblp computer science bibliography, http://dblp.org}
}



@inproceedings{DBLP:conf/crypto/LibertPJY13,
  author    = {Beno{\^{\i}}t Libert and
               Thomas Peters and
               Marc Joye and
               Moti Yung},
  title     = {Linearly Homomorphic Structure-Preserving Signatures and Their Applications},
  booktitle = {Advances in Cryptology - {CRYPTO} 2013 - 33rd Annual Cryptology Conference,
               Santa Barbara, CA, USA, August 18-22, 2013. Proceedings, Part {II}},
  pages     = {289--307},
  year      = {2013},
  crossref  = {DBLP:conf/crypto/2013-2},
  url       = {http://dx.doi.org/10.1007/978-3-642-40084-1_17},
  doi       = {10.1007/978-3-642-40084-1_17},
  timestamp = {Wed, 21 Aug 2013 17:36:07 +0200},
  biburl    = {http://dblp.uni-trier.de/rec/bib/conf/crypto/LibertPJY13},
  bibsource = {dblp computer science bibliography, http://dblp.org}
}

@proceedings{DBLP:conf/crypto/2013-2,
  editor    = {Ran Canetti and
               Juan A. Garay},
  title     = {Advances in Cryptology - {CRYPTO} 2013 - 33rd Annual Cryptology Conference,
               Santa Barbara, CA, USA, August 18-22, 2013. Proceedings, Part {II}},
  series    = {Lecture Notes in Computer Science},
  volume    = {8043},
  publisher = {Springer},
  year      = {2013},
  url       = {http://dx.doi.org/10.1007/978-3-642-40084-1},
  doi       = {10.1007/978-3-642-40084-1},
  isbn      = {978-3-642-40083-4},
  timestamp = {Wed, 21 Aug 2013 17:31:44 +0200},
  biburl    = {http://dblp.uni-trier.de/rec/bib/conf/crypto/2013-2},
  bibsource = {dblp computer science bibliography, http://dblp.org}
}




@inproceedings{DBLP:conf/icalp/PrabhakaranR08,
  author    = {Manoj Prabhakaran and
               Mike Rosulek},
  title     = {Homomorphic Encryption with {CCA} Security},
  booktitle = {Automata, Languages and Programming, 35th International Colloquium,
               {ICALP} 2008, Reykjavik, Iceland, July 7-11, 2008, Proceedings, Part
               {II} - Track {B:} Logic, Semantics, and Theory of Programming {\&}
               Track {C:} Security and Cryptography Foundations},
  pages     = {667--678},
  year      = {2008},
  crossref  = {DBLP:conf/icalp/2008-2},
  url       = {http://dx.doi.org/10.1007/978-3-540-70583-3_54},
  doi       = {10.1007/978-3-540-70583-3_54},
  timestamp = {Tue, 08 Jul 2008 14:39:05 +0200},
  biburl    = {http://dblp.uni-trier.de/rec/bib/conf/icalp/PrabhakaranR08},
  bibsource = {dblp computer science bibliography, http://dblp.org}
}

@proceedings{DBLP:conf/icalp/2008-2,
  editor    = {Luca Aceto and
               Ivan Damg{\aa}rd and
               Leslie Ann Goldberg and
               Magn{\'{u}}s M. Halld{\'{o}}rsson and
               Anna Ing{\'{o}}lfsd{\'{o}}ttir and
               Igor Walukiewicz},
  title     = {Automata, Languages and Programming, 35th International Colloquium,
               {ICALP} 2008, Reykjavik, Iceland, July 7-11, 2008, Proceedings, Part
               {II} - Track {B:} Logic, Semantics, and Theory of Programming {\&}
               Track {C:} Security and Cryptography Foundations},
  series    = {Lecture Notes in Computer Science},
  volume    = {5126},
  publisher = {Springer},
  year      = {2008},
  isbn      = {978-3-540-70582-6},
  timestamp = {Tue, 08 Jul 2008 14:39:05 +0200},
  biburl    = {http://dblp.uni-trier.de/rec/bib/conf/icalp/2008-2},
  bibsource = {dblp computer science bibliography, http://dblp.org}
}



@inproceedings{DBLP:conf/eurocrypt/ChaseKLM12,
  author    = {Melissa Chase and
               Markulf Kohlweiss and
               Anna Lysyanskaya and
               Sarah Meiklejohn},
  title     = {Malleable Proof Systems and Applications},
  booktitle = {Advances in Cryptology - {EUROCRYPT} 2012 - 31st Annual International
               Conference on the Theory and Applications of Cryptographic Techniques,
               Cambridge, UK, April 15-19, 2012. Proceedings},
  pages     = {281--300},
  year      = {2012},
  crossref  = {DBLP:conf/eurocrypt/2012},
  url       = {http://dx.doi.org/10.1007/978-3-642-29011-4_18},
  doi       = {10.1007/978-3-642-29011-4_18},
  timestamp = {Mon, 18 Jan 2016 17:00:14 +0100},
  biburl    = {http://dblp.uni-trier.de/rec/bib/conf/eurocrypt/ChaseKLM12},
  bibsource = {dblp computer science bibliography, http://dblp.org}
}

@proceedings{DBLP:conf/eurocrypt/2012,
  editor    = {David Pointcheval and
               Thomas Johansson},
  title     = {Advances in Cryptology - {EUROCRYPT} 2012 - 31st Annual International
               Conference on the Theory and Applications of Cryptographic Techniques,
               Cambridge, UK, April 15-19, 2012. Proceedings},
  series    = {Lecture Notes in Computer Science},
  volume    = {7237},
  publisher = {Springer},
  year      = {2012},
  url       = {http://dx.doi.org/10.1007/978-3-642-29011-4},
  doi       = {10.1007/978-3-642-29011-4},
  isbn      = {978-3-642-29010-7},
  timestamp = {Mon, 18 Jan 2016 17:00:14 +0100},
  biburl    = {http://dblp.uni-trier.de/rec/bib/conf/eurocrypt/2012},
  bibsource = {dblp computer science bibliography, http://dblp.org}
}



@inproceedings{DBLP:conf/innovations/BonehSW12,
  author    = {Dan Boneh and
               Gil Segev and
               Brent Waters},
  title     = {Targeted malleability: homomorphic encryption for restricted computations},
  booktitle = {Innovations in Theoretical Computer Science 2012, Cambridge, MA, USA,
               January 8-10, 2012},
  pages     = {350--366},
  year      = {2012},
  crossref  = {DBLP:conf/innovations/2012},
  url       = {http://doi.acm.org/10.1145/2090236.2090264},
  doi       = {10.1145/2090236.2090264},
  timestamp = {Sat, 24 Mar 2012 15:58:31 +0100},
  biburl    = {http://dblp.uni-trier.de/rec/bib/conf/innovations/BonehSW12},
  bibsource = {dblp computer science bibliography, http://dblp.org}
}

@proceedings{DBLP:conf/innovations/2012,
  editor    = {Shafi Goldwasser},
  title     = {Innovations in Theoretical Computer Science 2012, Cambridge, MA, USA,
               January 8-10, 2012},
  publisher = {{ACM}},
  year      = {2012},
  isbn      = {978-1-4503-1115-1},
  timestamp = {Sat, 24 Mar 2012 15:58:31 +0100},
  biburl    = {http://dblp.uni-trier.de/rec/bib/conf/innovations/2012},
  bibsource = {dblp computer science bibliography, http://dblp.org}
}



@inproceedings{DBLP:conf/eurocrypt/CanettiHK04,
  author    = {Ran Canetti and
               Shai Halevi and
               Jonathan Katz},
  title     = {Chosen-Ciphertext Security from Identity-Based Encryption},
  booktitle = {Advances in Cryptology - {EUROCRYPT} 2004, International Conference
               on the Theory and Applications of Cryptographic Techniques, Interlaken,
               Switzerland, May 2-6, 2004, Proceedings},
  pages     = {207--222},
  year      = {2004},
  crossref  = {DBLP:conf/eurocrypt/2004},
  url       = {http://dx.doi.org/10.1007/978-3-540-24676-3_13},
  doi       = {10.1007/978-3-540-24676-3_13},
  timestamp = {Wed, 06 Jul 2011 21:23:13 +0200},
  biburl    = {http://dblp.uni-trier.de/rec/bib/conf/eurocrypt/CanettiHK04},
  bibsource = {dblp computer science bibliography, http://dblp.org}
}

@proceedings{DBLP:conf/eurocrypt/2004,
  editor    = {Christian Cachin and
               Jan Camenisch},
  title     = {Advances in Cryptology - {EUROCRYPT} 2004, International Conference
               on the Theory and Applications of Cryptographic Techniques, Interlaken,
               Switzerland, May 2-6, 2004, Proceedings},
  series    = {Lecture Notes in Computer Science},
  volume    = {3027},
  publisher = {Springer},
  year      = {2004},
  isbn      = {3-540-21935-8},
  timestamp = {Tue, 20 Apr 2004 12:21:50 +0200},
  biburl    = {http://dblp.uni-trier.de/rec/bib/conf/eurocrypt/2004},
  bibsource = {dblp computer science bibliography, http://dblp.org}
}

